<record><leader>00000cas a22000007a 4500</leader><controlfield tag="001">17899551</controlfield><controlfield tag="008">880505c19849999lauwr ne      0   a0eng d</controlfield><datafield ind1=" " ind2=" " tag="010"><subfield code="a">sn 88064397 </subfield></datafield><datafield ind1=" " ind2=" " tag="040"><subfield code="a">LNP</subfield><subfield code="b">eng</subfield><subfield code="c">LNP</subfield><subfield code="d">NSD</subfield><subfield code="d">LNP</subfield><subfield code="d">OCLCQ</subfield><subfield code="d">OCLCF</subfield><subfield code="d">OCLCO</subfield></datafield><datafield ind1=" " ind2=" " tag="012"><subfield code="k">1</subfield><subfield code="m">1</subfield></datafield><datafield ind1=" " ind2=" " tag="019"><subfield code="a">11307958</subfield></datafield><datafield ind1="1" ind2=" " tag="022"><subfield code="a">1053-5691</subfield><subfield code="l">1053-5691</subfield><subfield code="2">1</subfield></datafield><datafield ind1="1" ind2=" " tag="029"><subfield code="a">AU@</subfield><subfield code="b">000020503171</subfield></datafield><datafield ind1=" " ind2=" " tag="032"><subfield code="a">576480</subfield><subfield code="b">USPS</subfield></datafield><datafield ind1=" " ind2=" " tag="037"><subfield code="b">Plaquemine Pub., 1114 Belleview Rd., Plaquemine, LA 70764</subfield></datafield><datafield ind1=" " ind2=" " tag="042"><subfield code="a">msc</subfield><subfield code="a">nsdp</subfield></datafield><datafield ind1=" " ind2=" " tag="043"><subfield code="a">n-us-la</subfield></datafield><datafield ind1=" " ind2="0" tag="222"><subfield code="a">Post south</subfield></datafield><datafield ind1="0" ind2="0" tag="245"><subfield code="a">Post south.</subfield></datafield><datafield ind1="1" ind2="3" tag="246"><subfield code="a">Plaquemine post the Iberville south</subfield></datafield><datafield ind1=" " ind2=" " tag="260"><subfield code="a">Plaquemine, La. :</subfield><subfield code="b">Plaquemine Pub.,</subfield><subfield code="c">[1984]-</subfield></datafield><datafield ind1=" " ind2=" " tag="310"><subfield code="a">Weekly,</subfield><subfield code="b">Feb. 6, 1992-</subfield></datafield><datafield ind1=" " ind2=" " tag="321"><subfield code="a">Semiweekly,</subfield><subfield code="b">Mar. 22, 1984-Jan. 30, 1992</subfield></datafield><datafield ind1="0" ind2=" " tag="362"><subfield code="a">Vol. 119, no. 11 (Mar. 22, 1984)-</subfield></datafield><datafield ind1=" " ind2=" " tag="588"><subfield code="a">Latest issue consulted: Vol. 125, no. 101 (Thursday, Feb. 6, 1992).</subfield></datafield><datafield ind1=" " ind2="0" tag="651"><subfield code="a">Plaquemine (La.)</subfield><subfield code="v">Newspapers.</subfield></datafield><datafield ind1=" " ind2="7" tag="655"><subfield code="a">Newspapers.</subfield><subfield code="2">fast</subfield><subfield code="0">(OCoLC)fst01423814</subfield></datafield><datafield ind1=" " ind2="7" tag="651"><subfield code="a">Louisiana</subfield><subfield code="z">Plaquemine.</subfield><subfield code="2">fast</subfield><subfield code="0">(OCoLC)fst01219282</subfield></datafield><datafield ind1=" " ind2=" " tag="752"><subfield code="a">United States</subfield><subfield code="b">Louisiana</subfield><subfield code="c">Iberville</subfield><subfield code="d">Plaquemine.</subfield></datafield><datafield ind1="0" ind2="0" tag="780"><subfield code="t">Plaquemine post Iberville south</subfield><subfield code="w">(DLC)sn 88064396</subfield></datafield></record>